02RETORNO01COBRANCA       4037337501038000158                               748BANSICREDI     20230118        0000637                                                                                                                                                                                                                                                                                 1.00000001
1            A04Y7P000001                      232000018                                                    021701231                             2001230000000000100         J000000000000000000000000000000000000000000000000000000000000000000000000000000000000000000000000000000000000000000000                          0000000000                                                                  000002
1            A04Y7P000001                      232000018                                                    061701231         COMPE               2001230000000000100         J000000000000000000000000000000000000000000000000000000000000000000000000000000000000000010000000000000000000000000000                          H50000000020230118                                                          000003
1            A04Y7P000001                      232000018                                                    281701231                             2001230000000000100         J000000000013000000000000000000000000000000000000000000000000000000000000000000000000000013000000000000000000000000000                          B30000000020230117                                                          000004
9274840373                                                                                                                                                                                                                                                                                                                                                                                                000005
